% This is annote.bib
% Author: Ayman Ammoura
% A demo for CMPUT 603 Fall 2002.
% The order of the following entries is irrelevant. They will be sorted according to the
% bibliography style used.
%%%%%%%%%%%%%%%%%%%%%%%%%%%%%%%%%%%%%%%%%%%%%%%%%%%%%%%%%%%%%%%%%%%%%%%%%%%%%%%%%%%%%%%%%

@book{jensen,
  title={Introduction to computational chemistry},
  author={Jensen, Frank},
  year={2017},
  publisher={John wiley \& sons}
}

@book{bransden,
  title={Physics of atoms and molecules},
  author={Bransden, Brian Harold and Joachain, Charles Jean and Plivier, Theodor J},
  year={2003},
  publisher={Pearson Education India}
}

@book{parr,
  title={Density-Functional Theory of Atoms and Molecules, vol. 16 of International series of monographs on chemistry},
  author={Parr, Robert G and Yang, Weitao},
  year={1989},
  publisher={Oxford University Press, New York}
}

@book{martin,
  title={Electronic structure: basic theory and practical methods},
  author={Martin, Richard M},
  year={2004},
  publisher={Cambridge university press}
}

@book{rief,
    title={Fundamentals of statistical and thermal physics},
    author={Reif, Frederick},
    year={2009},
    publisher={Waveland Press}}

@book{zukerman,
    title={Statistical physics of biomolecules: an introduction},
    author={Zuckerman, Daniel M},
    year={2010},
    publisher={CRC Press}
}
 
@book{haile,
    title={Molecular dynamics simulation: elementary methods},
    author={Haile, James M},
    year={1992},
    publisher={Wiley New York}
}

@article{PRL_Bussi,
  title={Equilibrium free energies from nonequilibrium metadynamics},
  author={Bussi, Giovanni and Laio, Alessandro and Parrinello, Michele},
  journal={Physical review letters},
  volume={96},
  number={9},
  pages={090601},
  year={2006},
  publisher={APS}
}
@article{branduardi,
  title={The role of the peripheral anionic site and cation- $\pi$ interactions in the ligand penetration of the human AChE gorge},
  author={Branduardi, Davide and Gervasio, Francesco Luigi and Cavalli, Andrea and Recanatini, Maurizio and Parrinello, Michele},
  journal={Journal of the American Chemical Society},
  volume={127},
  number={25},
  pages={9147--9155},
  year={2005},
  publisher={ACS Publications}
}
@article{barducci,
  title={Metadynamics},
  author={Barducci, Alessandro and Bonomi, Massimiliano and Parrinello, Michele},
  journal={Wiley Interdisciplinary Reviews: Computational Molecular Science},
  volume={1},
  number={5},
  pages={826--843},
  year={2011},
  publisher={Wiley Online Library}
}
@article{masetti,
  title={Exploring Complex Protein- Ligand Recognition Mechanisms with Coarse Metadynamics},
  author={Masetti, Matteo and Cavalli, Andrea and Recanatini, Maurizio and Gervasio, Francesco Luigi},
  journal={The journal of physical chemistry B},
  volume={113},
  number={14},
  pages={4807--4816},
  year={2009},
  publisher={ACS Publications}
}
@article{bussi,
  title={Free-energy landscape for $\beta$ hairpin folding from combined parallel tempering and metadynamics},
  author={Bussi, Giovanni and Gervasio, Francesco Luigi and Laio, Alessandro and Parrinello, Michele},
  journal={Journal of the American Chemical Society},
  volume={128},
  number={41},
  pages={13435--13441},
  year={2006},
  publisher={ACS Publications}
}

@article{fiorin,
  title={Using collective variables to drive molecular dynamics simulations},
  author={Fiorin, Giacomo and Klein, Michael L and H{\'e}nin, J{\'e}r{\^o}me},
  journal={Molecular Physics},
  volume={111},
  number={22-23},
  pages={3345--3362},
  year={2013},
  publisher={Taylor \& Francis}
}

@ARTICLE{patey-valleau,  
    title={A Monte Carlo method for obtaining the interionic potential of mean force in ionic solution},
    author={Patey, GN and Valleau, JP},
    journal={The Journal of Chemical Physics},
    volume={63},
    number={6},
    pages={2334--2339},
    year={1975},
    publisher={AIP}
}

@ARTICLE{bash-singh,
    title={Calculation of the relative change in binding free energy of a protein-inhibitor complex},
    author={Bash, Paul A and Singh, U Chandra and Brown, Frank K and Langridge, Robert and Kollman, Peter A},
    journal={Science},
    volume={235},
    number={4788},
    pages={574--576},
    year={1987},
    publisher={American Association for the Advancement of Science}
}


@ARTICLE{laio-gervasio,
    title={Metadynamics: a method to simulate rare events and reconstruct the free energy in biophysics, chemistry and material science},
    author={Laio, Alessandro and Gervasio, Francesco L},
    journal={Reports on Progress in Physics},
    volume={71},
    number={12},
    pages={126601},
    year={2008},
    publisher={IOP Publishing}
}

@article{wellmeta,
  title={Well-tempered metadynamics: a smoothly converging and tunable free-energy method},
  author={Barducci, Alessandro and Bussi, Giovanni and Parrinello, Michele},
  journal={Physical review letters},
  volume={100},
  number={2},
  pages={020603},
  year={2008},
  publisher={APS}
}

@misc{cohen,
  title={Quantum Mechanics (2 vol. set)},
  author={Cohen-Tannoudji, Claude and Diu, Bernard and Laloe, Frank and Dui, Bernard},
  year={2006},
  publisher={Wiley-Interscience}
}